<?xml version="1.0" encoding="UTF-8"?><collection xmlns="http://www.loc.gov/MARC21/slim"><record><leader>00337nam--2200133-i-4500</leader><controlfield tag="001">000010070</controlfield><controlfield tag="002">20161230</controlfield><controlfield tag="005">20161230201028</controlfield><controlfield tag="008">060222s1000------------r-----000-0-eng-d</controlfield><datafield ind1=" " ind2=" " tag="080"><subfield code="a">541.1:54</subfield></datafield><datafield ind1=" " ind2=" " tag="245"><subfield code="a">Essays in chemistry</subfield></datafield><datafield ind1=" " ind2=" " tag="260"><subfield code="a">London, Academic Press, 1971</subfield></datafield><datafield ind1=" " ind2=" " tag="700"><subfield code="a">Bradley, J.N., Gillard, R.D.And Hudson, R.F</subfield></datafield><datafield ind1=" " ind2=" " tag="852"><subfield code="a">35245</subfield></datafield></record></collection>